<marcxml:record xmlns:xlink="http://www.w3.org/1999/xlink" xmlns:marcxml="http://www.loc.gov/MARC21/slim" xmlns:mets="http://www.loc.gov/METS/" xmlns:mxe="http://www.loc.gov/mxe" xmlns:rdf="http://www.w3.org/1999/02/22-rdf-syntax-ns#" xmlns:rdfs="http://www.w3.org/2000/01/rdf-schema#" xmlns:skos="http://www.w3.org/2004/02/skos/core#" xmlns:madsrdf="http://www.loc.gov/mads/rdf/v1#" xmlns:ri="http://id.loc.gov/ontologies/RecordInfo#" xmlns:sem="http://marklogic.com/semantics">
  <marcxml:leader>02002cz  a2200337n  4500</marcxml:leader>
  <marcxml:controlfield tag="001">n91041555</marcxml:controlfield>
  <marcxml:controlfield tag="003">DLC</marcxml:controlfield>
  <marcxml:controlfield tag="005">20110603074858.0</marcxml:controlfield>
  <marcxml:controlfield tag="008">910426n| acannaabn          |a ana     c</marcxml:controlfield>
  <marcxml:datafield tag="010" ind1=" " ind2=" ">
    <marcxml:subfield code="a">n  91041555 </marcxml:subfield>
  </marcxml:datafield>
  <marcxml:datafield tag="035" ind1=" " ind2=" ">
    <marcxml:subfield code="a">(OCoLC)oca02937709</marcxml:subfield>
  </marcxml:datafield>
  <marcxml:datafield tag="040" ind1=" " ind2=" ">
    <marcxml:subfield code="a">ICU</marcxml:subfield>
    <marcxml:subfield code="b">eng</marcxml:subfield>
    <marcxml:subfield code="c">ICU</marcxml:subfield>
    <marcxml:subfield code="d">ItFiC</marcxml:subfield>
    <marcxml:subfield code="d">IEN</marcxml:subfield>
    <marcxml:subfield code="d">MoSU</marcxml:subfield>
  </marcxml:datafield>
  <marcxml:datafield tag="110" ind1="2" ind2=" ">
    <marcxml:subfield code="a">San Paolo fuori le mura (Church : Rome, Italy)</marcxml:subfield>
  </marcxml:datafield>
  <marcxml:datafield tag="410" ind1="1" ind2=" ">
    <marcxml:subfield code="w">nnaa</marcxml:subfield>
    <marcxml:subfield code="a">Rome (City).</marcxml:subfield>
    <marcxml:subfield code="b">San Paolo fuori le mura (Basilica)</marcxml:subfield>
  </marcxml:datafield>
  <marcxml:datafield tag="410" ind1="2" ind2=" ">
    <marcxml:subfield code="a">S. Paolo fuori le mura (Church : Rome, Italy)</marcxml:subfield>
  </marcxml:datafield>
  <marcxml:datafield tag="410" ind1="2" ind2=" ">
    <marcxml:subfield code="a">Saint Paul without the Walls (Church : Rome, Italy)</marcxml:subfield>
  </marcxml:datafield>
  <marcxml:datafield tag="410" ind1="2" ind2=" ">
    <marcxml:subfield code="a">Basilica of Saint Paul without the Walls (Rome, Italy)</marcxml:subfield>
  </marcxml:datafield>
  <marcxml:datafield tag="410" ind1="2" ind2=" ">
    <marcxml:subfield code="a">Basilica di San Paolo fuori le mura (Rome, Italy)</marcxml:subfield>
  </marcxml:datafield>
  <marcxml:datafield tag="410" ind1="2" ind2=" ">
    <marcxml:subfield code="a">San Pablo Extramuros (Church : Rome, Italy)</marcxml:subfield>
  </marcxml:datafield>
  <marcxml:datafield tag="410" ind1="2" ind2=" ">
    <marcxml:subfield code="a">Basilica teodosiana di S. Paolo fuori le mura (Rome, Italy)</marcxml:subfield>
  </marcxml:datafield>
  <marcxml:datafield tag="410" ind1="2" ind2=" ">
    <marcxml:subfield code="a">Basilica di S. Paolo (Rome, Italy)</marcxml:subfield>
  </marcxml:datafield>
  <marcxml:datafield tag="410" ind1="2" ind2=" ">
    <marcxml:subfield code="a">Basilica of Saint Paul outside the Walls (Rome, Italy)</marcxml:subfield>
  </marcxml:datafield>
  <marcxml:datafield tag="410" ind1="2" ind2=" ">
    <marcxml:subfield code="a">St. Paul's outside the Walls (Church : Rome, Italy)</marcxml:subfield>
  </marcxml:datafield>
  <marcxml:datafield tag="670" ind1=" " ind2=" ">
    <marcxml:subfield code="a">San Paolo fuori le mura a Roma, 1988:</marcxml:subfield>
    <marcxml:subfield code="b">t.p. (San Paolo fuori le mura)</marcxml:subfield>
  </marcxml:datafield>
  <marcxml:datafield tag="670" ind1=" " ind2=" ">
    <marcxml:subfield code="a">Michelin Rome, 1. ed.</marcxml:subfield>
    <marcxml:subfield code="b">(Basilica of Saint Paul without the Walls; San Paolo fuori le mura)</marcxml:subfield>
  </marcxml:datafield>
  <marcxml:datafield tag="670" ind1=" " ind2=" ">
    <marcxml:subfield code="a">Masson, G. Companion guide to Rome, 1965</marcxml:subfield>
    <marcxml:subfield code="b">(Basilica di S. Paolo fuori le mura; St. Paul's without the Walls)</marcxml:subfield>
  </marcxml:datafield>
  <marcxml:datafield tag="670" ind1=" " ind2=" ">
    <marcxml:subfield code="a">Nagel's Italy, 8th ed.</marcxml:subfield>
    <marcxml:subfield code="b">(S. Paolo fuori le mura; St. Paul without the Walls)</marcxml:subfield>
  </marcxml:datafield>
  <marcxml:datafield tag="670" ind1=" " ind2=" ">
    <marcxml:subfield code="a">Blue Guide Italy</marcxml:subfield>
    <marcxml:subfield code="b">(San Paolo fuori le mura)</marcxml:subfield>
  </marcxml:datafield>
  <marcxml:datafield tag="670" ind1=" " ind2=" ">
    <marcxml:subfield code="a">LC data base, 4-10-91</marcxml:subfield>
    <marcxml:subfield code="b">(hdg.: Rome (City). San Paolo fuori le mura (Basilica); usage: San Pablo Extramuros)</marcxml:subfield>
  </marcxml:datafield>
  <marcxml:datafield tag="670" ind1=" " ind2=" ">
    <marcxml:subfield code="a">San Paolo in Vaticano, 2009:</marcxml:subfield>
    <marcxml:subfield code="b">p. 13 (Basilica teodosiana di S. Paolo fuori le mura) p. 20 (Basilica di S. Paolo)</marcxml:subfield>
  </marcxml:datafield>
  <marcxml:datafield tag="670" ind1=" " ind2=" ">
    <marcxml:subfield code="a">Wikipedia, May 31, 2011</marcxml:subfield>
    <marcxml:subfield code="b">(Basilica of Saint Paul outside the Walls; St. Paul's outside the Walls; first erected under Emperor Constantine; a much larger basilica was erected by Emperor Theodosius beginning in 386 A.D.; largely destroyed by fire in 1823, then reconstructed)</marcxml:subfield>
  </marcxml:datafield>
</marcxml:record>
